
% !Mode:: "TeX:UTF-8"
@article{cref1,
  title={植酸酶的分子生物学与基因工程},
  author={姚斌 and 范云六},
  journal={生物工程学报},
  volume={16},
  number={1},
  pages={1-5},
  year={2000},
 keywords={植酸酶;分子生物学;基因工程},
 abstract={植酸酶是一种新型的、可作为动物饲料添加剂的重要酶制剂,它对提高饲料中磷的利用率,提高动物的生产性能,以及减轻因动物高磷粪便所导致的环境水域的磷污染有着重要意义。本文综述了植酸酶的分子生物学及基因工程研究的最新进展,讨论了其进一步的研究发展方向。},
}

@book{cref2,
  title={植物生理与分子生物学.2版},
  author={余叔文 and 汤章城},
  publisher={科学出版社},
  year={1998},
}

@article{cref3,
  title={植物抗冷性分子生物学研究进展},
  author={李美茹 and 刘鸿先},
  journal={热带亚热带植物学报},
  volume={8},
  number={1},
  pages={70-80},
  year={2000},
 keywords={植物抗冷性;膜脂;冷诱导蛋白;细胞抗氧化能力;钙信号系统},
 abstract={篇首: 温度是植物生长的必要条件,然而低温却是限制作物生产的重要因素,为此,各国政府及研究部门一直都把植物低温适应性问题作为一个重要的研究课题.按照低温 的不同程度,植物的低温伤害可分为冷害(chilling injury;零上低温对植物的伤害)和冻害(freezing injury;零下低温对植物的伤害)两大类.},
}

% 一个引用网页内容的例子
@webpage{5g,
  title = {《2022年第一季度5G云测平台监测报告》},
  update={2022-5-12},
  url = {http://m.caict.ac.cn/yjcg/202205/t20220505_400916.html},
}

% 注意，_的支持并不很好，所以如果内容中有_，要使用\来转义。
% 例子：
@book{speed,
  title={中国宽带速率状况报告\_第26期(2021Q4)},
  author={宽带发展联盟},
  year={2022}
}